<record><leader>00000cas a22000007a 4500</leader><controlfield tag="001">17239155</controlfield><controlfield tag="008">871214c19579999wauwr ne      0    0eng d</controlfield><datafield ind1=" " ind2=" " tag="010"><subfield code="a">sn 87093320 </subfield></datafield><datafield ind1=" " ind2=" " tag="040"><subfield code="a">SLZ</subfield><subfield code="b">eng</subfield><subfield code="c">SLZ</subfield><subfield code="d">WAU</subfield><subfield code="d">OCLCQ</subfield></datafield><datafield ind1=" " ind2=" " tag="042"><subfield code="a">msc</subfield></datafield><datafield ind1=" " ind2=" " tag="043"><subfield code="a">n-us-wa</subfield></datafield><datafield ind1="0" ind2="4" tag="245"><subfield code="a">The Vashon-Maury Island beachcomber.</subfield></datafield><datafield ind1="3" ind2="0" tag="246"><subfield code="a">Beachcomber</subfield></datafield><datafield ind1=" " ind2=" " tag="260"><subfield code="a">Vashon, Wn. :</subfield><subfield code="b">Vashon-Maury Island Beachcomber</subfield></datafield><datafield ind1=" " ind2=" " tag="300"><subfield code="a">v. :</subfield><subfield code="b">ill.</subfield></datafield><datafield ind1=" " ind2=" " tag="310"><subfield code="a">Weekly</subfield></datafield><datafield ind1="0" ind2=" " tag="362"><subfield code="a">Vol. 1, no. 1 (Mar. 7, 1957)-</subfield></datafield><datafield ind1=" " ind2=" " tag="500"><subfield code="a">Published &lt;1969-&gt; by: Beachcomber Press.</subfield></datafield><datafield ind1=" " ind2="4" tag="651"><subfield code="a">Vashon (Wash.)</subfield><subfield code="v">Newspapers.</subfield></datafield><datafield ind1=" " ind2=" " tag="752"><subfield code="a">United States</subfield><subfield code="b">Washington</subfield><subfield code="c">King</subfield><subfield code="d">Vashon.</subfield></datafield><datafield ind1=" " ind2=" " tag="752"><subfield code="a">United States</subfield><subfield code="b">Washington</subfield><subfield code="c">King</subfield><subfield code="d">Maury Island.</subfield></datafield><datafield ind1="0" ind2="5" tag="785"><subfield code="t">Islander news record</subfield><subfield code="g">June 5, 1958</subfield><subfield code="w">(DLC)sn 87093322</subfield><subfield code="w">(OCoLC)17239170</subfield></datafield><datafield ind1="1" ind2=" " tag="029"><subfield code="a">AU@</subfield><subfield code="b">000025786225</subfield></datafield></record>